<?xml version="1.0" encoding="UTF-8"?><collection xmlns="http://www.loc.gov/MARC21/slim"><record><leader>00510nam--2200193-u-4500</leader><controlfield tag="001">000052869</controlfield><controlfield tag="002">20161230</controlfield><controlfield tag="005">20161230201050</controlfield><controlfield tag="008">101124s1000------------r-----000-0-rus-d</controlfield><datafield ind1=" " ind2=" " tag="040"><subfield code="a">IFIN-HH</subfield></datafield><datafield ind1=" " ind2=" " tag="041"><subfield code="a">rus</subfield></datafield><datafield ind1=" " ind2=" " tag="080"><subfield code="a">535.215:538.95</subfield></datafield><datafield ind1="1" ind2=" " tag="100"><subfield code="a">Serdiuk, V.V</subfield></datafield><datafield ind1="1" ind2="0" tag="245"><subfield code="a">Fotoelektriceskie protessi v poluprovodnikah</subfield><subfield code="c">V.v. serdiuk; g.g. chemeresiuk; m. terek</subfield></datafield><datafield ind1=" " ind2=" " tag="260"><subfield code="a">Kiev</subfield><subfield code="b">"Visha Skola"</subfield><subfield code="c">1982</subfield></datafield><datafield ind1=" " ind2=" " tag="300"><subfield code="a">151 P</subfield></datafield><datafield ind1="1" ind2=" " tag="700"><subfield code="a">Terek, M</subfield></datafield><datafield ind1=" " ind2=" " tag="852"><subfield code="a">71546</subfield><subfield code="c">535</subfield></datafield><datafield ind1=" " ind2=" " tag="CAT"><subfield code="a">Sys</subfield><subfield code="c">20101124</subfield><subfield code="h">155427</subfield></datafield></record></collection>